@book{goodfellow2016-DeepLearningBook,
    title={Deep Learning},
    author={Ian Goodfellow and Yoshua Bengio and Aaron Courville},
    publisher={MIT Press},
    note={\url{http://www.deeplearningbook.org}},
    year={2016}
}

@article{jin2016-How-to-scale,
  title={How to scale distributed deep learning?},
  author={Jin, Peter H and Yuan, Qiaochu and Iandola, Forrest and Keutzer, Kurt},
  journal={arXiv preprint arXiv:1611.04581},
  year={2016}
}

@inproceedings{seide2014-1-bit-stochastic,
  title={1-bit stochastic gradient descent and its application to data-parallel distributed training of speech dnns},
  author={Seide, Frank and Fu, Hao and Droppo, Jasha and Li, Gang and Yu, Dong},
  booktitle={15th Annual Conference of the International Speech Communication Association},
  year={2014}
}

@inproceedings{coates2013-DL-COTS-HPC,
  title={Deep learning with COTS HPC systems},
  author={Coates, Adam and Huval, Brody and Wang, Tao and Wu, David and Catanzaro, Bryan and Andrew, Ng},
  booktitle={International Conference on Machine Learning},
  pages={1337--1345},
  year={2013}
}

@inproceedings{zhang2015-Elastic-AvgSGD,
  title={Deep learning with elastic averaging SGD},
  author={Zhang, Sixin and Choromanska, Anna E and LeCun, Yann},
  booktitle={Advances in Neural Information Processing Systems},
  pages={685--693},
  year={2015}
}

@article{das2016-Distributed-deep-learning,
  title={Distributed deep learning using synchronous stochastic gradient descent},
  author={Das, Dipankar and Avancha, Sasikanth and Mudigere, Dheevatsa and Vaidynathan, Karthikeyan and Sridharan, Srinivas and Kalamkar, Dhiraj and Kaul, Bharat and Dubey, Pradeep},
  journal={arXiv preprint arXiv:1602.06709},
  year={2016}
}

@inproceedings{jiang2018-FiLayer,
  title={FiLayer: A Novel Fine-Grained Layer-Wise Parallelism Strategy for Deep Neural Networks},
  author={Jiang, Wenbin and Zhang, Yangsong and Liu, Pai and Ye, Geyan and Jin, Hai},
  booktitle={International Conference on Artificial Neural Networks},
  pages={321--330},
  year={2018},
  organization={Springer}
}

@inproceedings{iandola2016-Firecaffe,
  title={Firecaffe: near-linear acceleration of deep neural network training on compute clusters},
  author={Iandola, Forrest N and Moskewicz, Matthew W and Ashraf, Khalid and Keutzer, Kurt},
  booktitle={Proceedings of the IEEE Conference on Computer Vision and Pattern Recognition},
  pages={2592--2600},
  year={2016}
}

@article{paine2013-GPU-async-SGD,
  title={GPU Asynchronous Stochastic Gradient Descent to Speed Up Neural Network Training},
  author={Paine, Tom and Jin, Hailin and Yang, Jianchao and Lin, Zhe and Huang, Thomas},
  journal={arXiv preprint arXiv:1312.6186},
  year={2013}
}

@inproceedings{krizhevsky2012-AlexNet,
  title={Imagenet classification with deep convolutional neural networks},
  author={Krizhevsky, Alex and Sutskever, Ilya and Hinton, Geoffrey E},
  booktitle={Advances in Neural Information Processing Systems},
  pages={1097--1105},
  year={2012}
}

@inproceedings{dean2012-Large-scale-distributed,
  title={Large scale distributed deep networks},
  author={Dean, Jeffrey and Corrado, Greg and Monga, Rajat and Chen, Kai and Devin, Matthieu and Mao, Mark and Senior, Andrew and Tucker, Paul and Yang, Ke and Le, Quoc V and others},
  booktitle={Advances in Neural Information Processing Systems},
  pages={1223--1231},
  year={2012}
}

@inproceedings{recht2011-Hogwild,
  title={Hogwild: A lock-free approach to parallelizing stochastic gradient descent},
  author={Recht, Benjamin and Re, Christopher and Wright, Stephen and Niu, Feng},
  booktitle={Advances in Neural Information Processing Systems},
  pages={693--701},
  year={2011}
}

@article{yadan2013-Multi-GPU-Training,
  title={Multi-gpu training of convnets},
  author={Yadan, Omry and Adams, Keith and Taigman, Yaniv and Ranzato, Marc'Aurelio},
  journal={arXiv preprint arXiv:1312.5853},
  year={2013}
}

@inproceedings{seide2014-Speech-DNNs,
  title={On parallelizability of stochastic gradient descent for speech dnns},
  author={Seide, Frank and Fu, Hao and Droppo, Jasha and Li, Gang and Yu, Dong},
  booktitle={2014 IEEE International Conference on Acoustics, Speech and Signal Processing (ICASSP)},
  pages={235--239},
  year={2014},
  organization={IEEE}
}

@article{krizhevsky2014-One-weird-trick,
  title={One weird trick for parallelizing convolutional neural networks},
  author={Krizhevsky, Alex},
  journal={arXiv preprint arXiv:1404.5997},
  year={2014}
}

@inproceedings{chilimbi2014-Project-Adam,
  title={Project adam: Building an efficient and scalable deep learning training system},
  author={Chilimbi, Trishul and Suzue, Yutaka and Apacible, Johnson and Kalyanaraman, Karthik},
  booktitle={11th $\{$USENIX$\}$ Symposium on Operating Systems Design and Implementation ($\{$OSDI$\}$ 14)},
  pages={571--582},
  year={2014}
}

@article{chen2016-Revisiting-distributed-synchronous-SGD,
  title={Revisiting distributed synchronous SGD},
  author={Chen, Jianmin and Pan, Xinghao and Monga, Rajat and Bengio, Samy and Jozefowicz, Rafal},
  journal={arXiv preprint arXiv:1604.00981},
  year={2016}
}

@techreport{krizhevsky2009CIFAR10,
  title={Learning multiple layers of features from tiny images},
  author={Krizhevsky, Alex and Hinton, Geoffrey and others},
  year={2009},
  institution={Citeseer}
}

# LeNet5 & MNIST(?)
@article{lecun1998gradient,
  title={Gradient-based learning applied to document recognition},
  author={LeCun, Yann and Bottou, L{\'e}on and Bengio, Yoshua and Haffner, Patrick and others},
  journal={Proceedings of the IEEE},
  volume={86},
  number={11},
  pages={2278--2324},
  year={1998},
  publisher={Taipei, Taiwan}
}

@article{upadhyaya2013parallel,
  title={Parallel approaches to machine learningâ€”A comprehensive survey},
  author={Upadhyaya, Sujatha R},
  journal={Journal of Parallel and Distributed Computing},
  volume={73},
  number={3},
  pages={284--292},
  year={2013},
  publisher={Elsevier}
}

@inproceedings{sutskever2014sequence,
  title={Sequence to sequence learning with neural networks},
  author={Sutskever, Ilya and Vinyals, Oriol and Le, Quoc V},
  booktitle={Advances in neural information processing systems},
  pages={3104--3112},
  year={2014}
}

@inproceedings{imagenet_cvpr09,
        AUTHOR = {Deng, J. and Dong, W. and Socher, R. and Li, L.-J. and Li, K. and Fei-Fei, L.},
        TITLE = {{ImageNet: A Large-Scale Hierarchical Image Database}},
        BOOKTITLE = {CVPR09},
        YEAR = {2009},
        BIBSOURCE = "http://www.image-net.org/papers/imagenet_cvpr09.bib"}

@inproceedings{lecun2010convolutional,
  title={Convolutional networks and applications in vision},
  author={LeCun, Yann and Kavukcuoglu, Koray and Farabet, Cl{\'e}ment},
  booktitle={Proceedings of 2010 IEEE International Symposium on Circuits and Systems},
  pages={253--256},
  year={2010},
  organization={IEEE}
}

@book{Stockman:2001:CV:558008,
 author = {Stockman, George and Shapiro, Linda G.},
 title = {Computer Vision},
 year = {2001},
 isbn = {0130307963},
 edition = {1st},
 publisher = {Prentice Hall PTR},
 address = {Upper Saddle River, NJ, USA},
}


